<collection xmlns="http://www.loc.gov/MARC21/slim">
<record>
  <leader>01209nam0a22001931i 450 </leader>
  <controlfield tag="001">IT\ICCU\CNCE\059063</controlfield>
  <controlfield tag="005">20061002000000.0</controlfield>
  <datafield tag="100" ind1=" " ind2=" ">
    <subfield code="a">20040908f1585        0itac0103    ba</subfield>
  </datafield>
  <datafield tag="101" ind1=" " ind2=" ">
    <subfield code="a">ITA</subfield>
  </datafield>
  <datafield tag="102" ind1=" " ind2=" ">
    <subfield code="a">IT</subfield>
  </datafield>
  <datafield tag="200" ind1="1" ind2=" ">
    <subfield code="a">Guglielmo per la gratia di Dio duca di Mantoua et di Monferrato etc. Essendo noi stati informati ... delli molti abusi che seguono nello Stato nostro di Monferrato per causa de notari alli quali ricorrendo li contrahenti per hauer li stipnlati \!! contratti tal volta negano d&apos;essere rogati, et peruenendo dop ̣la lor morte le sue scritture in mano de diuersi si smariscono, ... con questa perpetua legge comandiamo che ... nissuno notaro ardisca rogarsi nel detto nostro stato d&apos;instromento di sorte alcuna se prima non l&apos;haura isteso in forma di protocollo ...</subfield>
  </datafield>
  <datafield tag="210" ind1=" " ind2=" ">
    <subfield code="d">\1585?!</subfield>
  </datafield>
  <datafield tag="215" ind1=" " ind2=" ">
    <subfield code="a">1 manifesto</subfield>
    <subfield code="d">fol</subfield>
  </datafield>
  <datafield tag="300" ind1=" " ind2=" ">
    <subfield code="a">La data si ricava dal datum. - Stampata probabilmente a Trino. Cfr. M. Bersano Begey - G. Dondi, Le cinquecentine piemontesi, p. 232, n. 1355</subfield>
  </datafield>
  <datafield tag="620" ind1=" " ind2=" ">
    <subfield code="a">IT</subfield>
    <subfield code="d">Trino</subfield>
  </datafield>
  <datafield tag="710" ind1="0" ind2="2">
    <subfield code="a">Monferrato</subfield>
    <subfield code="c"> &lt;Ducato&gt;</subfield>
    <subfield code="3">7728</subfield>
  </datafield>
  <datafield tag="712" ind1="0" ind2="2">
    <subfield code="a">s.n.</subfield>
    <subfield code="3">IT\ICCU\CNCT\000002</subfield>
    <subfield code="4">650</subfield>
  </datafield>
  <datafield tag="801" ind1=" " ind2="3">
    <subfield code="a">IT</subfield>
    <subfield code="b">ICCU</subfield>
    <subfield code="c">20201115</subfield>
  </datafield>
  <datafield tag="899" ind1=" " ind2=" ">
    <subfield code="a">Biblioteca dell&apos;Archivio di Stato di Torino. Torino</subfield>
    <subfield code="1">TO0321</subfield>
    <subfield code="2">TO0 71</subfield>
  </datafield>
</record>
</collection>
